@book{Kopka:2004,
  author = {Kopka, Helmut and Daly, Patrick W.},
  title = {Guide to \LaTeX},
  publisher = {Addison-Wesley},
  year = {2004},
  edition = {4}
}

@book{Mittelbach:2004,
  author = {Mittelbach, Frank and Goossens, Michel},
  collaborator = {Braams, Johannes and Carlisle, David and Rowley, Chris},
  title = {The \LaTeX Companion},
  publisher = {Addison-Wesley},
  year = {2004},
  edition = {2}
}

@online{Flynn:2005,
  author = {Flynn, Peter},
  title = {Formatting Information: A beginner's guide to typesetting with \LaTeX},
  year = {2005},
  url = {http://www.sciweavers.org/books/beginners-introduction-typesetting-latex}
}

@online{Feder:2006,
  author = {Feder, Arnold},
  title = {Bib\TeX},
  year = {2006},
  url = {http://www.bibtex.org}
}

@online{BibDesk,
  title = {BibDesk},
  url = {https://bibdesk.sourceforge.io}
}

@online{Spray:2007,
  author = {Spray, Jeremy},
  title = {Referencer},
  year = {2007},
  url = {http://icculus.org/referencer/}
}

@online{Doron:1999,
  author = {Doron, Eli},
  title = {BibDB},
  year = {1999},
  url = {https://www.mackichan.com/index.html?bibdb/default.htm}
}